../../../publications/tools/journal_list_long.bib