/Volumes/sapo_hfs_2/juanc/publications/papers/tools/references.bib